% 代数
@book{qiuweisheng,
	author    = {丘维声},
	title     = {高等代数（上下）},
	edition   = {第二版},
	publisher = {清华大学出版社},
	year      = {2019},
}
@book{xieqihong,
	author    = {谢启鸿 and 姚慕生 and 吴泉水},
	title     = {高等代数学},
	edition   = {第四版},
	publisher = {复旦大学出版社},
	year      = {2022},
}

% 分析
@book{zhangzhusheng,
	author    = {张筑生},
	title     = {数学分析新讲（一二三）},
	edition   = {重排版},
	publisher = {北京大学出版社},
	year      = {2021},
}
@book{zhengweixing,
	author    = {郑维行 and 王声望},
	title     = {实变函数与泛函分析概要（一二）},
	edition   = {第五版},
	publisher = {高等教育出版社},
	year      = {2019},
}

% 测度与概率
@book{chengshihong,
	author    = {程士宏},
	title     = {测度论与概率论基础},
	publisher = {北京大学出版社},
	year      = {2004},
}
@book{yanshijian,
	author    = {严士健 and 刘秀芳},
	title     = {测度与概率},
	edition   = {第二版},
	publisher = {北京师范大学出版社},
	year      = {2003},
}
@book{chengqixiang,
	author    = {程其襄 and 张奠宙 and 胡善文 and 薛以锋},
	title     = {实变函数与泛函分析基础},
	edition   = {第四版},
	publisher = {高等教育出版社},
	year      = {2019},
}
@book{durrett,
	author    = {{Rick Durrett}},
	title     = {Probability: Theory and Examples},
	edition   = {5th},
	publisher = {Cambridge University Press},
	year      = {2019},
}
%% 渐进理论
@book{vander,
	author    = {{A.W. van der Vaart}},
	title     = {Asymptotic Statistics},
	publisher = {Cambridge University Press},
	year      = {1998},
}

% 最优化
@book{wenzaiwen,
	author    = {刘浩洋 and 户将 and 李勇锋 and 文再文},
	title     = {最优化：建模、算法与理论},
	publisher = {高等教育出版社},
	year      = {2020},
}

% 统计
%% 数理统计
@book{weilaisheng,
	author    = {韦来生 and 张伟平},
	title     = {数理统计},
	edition   = {第三版},
	publisher = {科学出版社},
	year      = {2024},
}
@book{maoshisong1,
	author    = {茆诗松 and 程依明 and 濮晓龙},
	title     = {概率论与数理统计},
	edition   = {第三版},
	publisher = {高等教育出版社},
	year      = {2019},
}
@book{maoshisong2,
	author    = {茆诗松 and 王静龙 and 濮晓龙},
	title     = {高等数理统计},
	edition   = {第三版},
	publisher = {高等教育出版社},
	year      = {2022},
}
@book{chenxiru,
	author    = {陈希孺},
	title     = {高等数理统计学},
	edition   = {第一版},
	publisher = {中国科学技术大学出版社},
	year      = {2020},
}
@book{junshao,
	author    = {{Jun Shao}},
	title     = {Mathematical Statistics},
	edition   = {2nd},
	publisher = {Springer},
	year      = {2003},
}
@book{lehmann1,
	author    = {{Erich L. Lehmann} and {George Casella}},
	title     = {Theory of Point Estimation},
	edition   = {2nd},
	publisher = {Springer},
	year      = {1998},
}
@book{lehmann2,
	author    = {{Erich L. Lehmann} and {Joseph P. Romano}},
	title     = {Testing Statistical Hypotheses},
	edition   = {4rd},
	publisher = {Springer},
	year      = {2022},
}
%% 多元统计
@book{johnson,
	author    = {{Richard A. Johnson} and {Dean W. Wichern}},
	title     = {Applied Multivariate Statistical Analysis},
	edition   = {6th},
	publisher = {清华大学出版社},
	year      = {2008},
}
%% 贝叶斯
@book{gelman,
	author    = {{Andrew Gelman} and {John B. Carlin} and {Hal S. Stern} and {David B. Dunson} and {Aki Vehtari} and {Donald B. Rubin}},
	title     = {Bayesian Data Analysis},
	edition   = {3rd},
	publisher = {Chapman \& Hall/CRC},
	year      = {2013},
}
%% 线性模型
@book{wangsonggui,
	author    = {王松桂},
	title     = {线性模型引论},
	publisher = {科学出版社},
	year      = {2008},
}
%% 抽样调查
@book{sunshanze,
	author    = {孙山泽},
	title     = {抽样调查},
	publisher = {北京大学出版社},
	year      = {2004},
}
%% 时间序列
@book{heshuyuan,
	author    = {何书元},
	title     = {应用时间序列分析},
	edition   = {第二版},
	publisher = {北京大学出版社},
	year      = {2023},
}

